<record><leader>00000cas a22000007a 4500</leader><controlfield tag="001">15152014</controlfield><controlfield tag="008">870204d1873187ulauwr ne      0    0eng d</controlfield><datafield ind1=" " ind2=" " tag="010"><subfield code="a">sn 87090134 </subfield></datafield><datafield ind1=" " ind2=" " tag="040"><subfield code="a">PPM</subfield><subfield code="b">eng</subfield><subfield code="c">PPM</subfield><subfield code="d">MGN</subfield><subfield code="d">LNP</subfield><subfield code="d">OCLCQ</subfield><subfield code="d">OCLCF</subfield><subfield code="d">OCLCO</subfield></datafield><datafield ind1=" " ind2=" " tag="042"><subfield code="a">msc</subfield></datafield><datafield ind1=" " ind2=" " tag="043"><subfield code="a">n-us-la</subfield></datafield><datafield ind1="0" ind2="4" tag="245"><subfield code="a">The Pioneer and news.</subfield></datafield><datafield ind1=" " ind2=" " tag="260"><subfield code="a">Plaquemine, La. :</subfield><subfield code="b">Merrill, Roche and Co.</subfield></datafield><datafield ind1=" " ind2=" " tag="300"><subfield code="a">v.</subfield></datafield><datafield ind1=" " ind2=" " tag="310"><subfield code="a">Weekly</subfield></datafield><datafield ind1="1" ind2=" " tag="362"><subfield code="a">Began in 1873.</subfield></datafield><datafield ind1=" " ind2=" " tag="500"><subfield code="a">"Official journal of Iberville Parish. Official journal of the corporation of Plaquemine. Publisher of State Laws - by Authority. Organ of the Republican Party."</subfield></datafield><datafield ind1=" " ind2=" " tag="580"><subfield code="a">Formed by the union of: Iberville pioneer, and: Iberville news (Plaquemine, La. : 1871).</subfield></datafield><datafield ind1=" " ind2=" " tag="588"><subfield code="a">Description based on: Vol. 5, no. 10 (May 31, 1873).</subfield></datafield><datafield ind1=" " ind2="0" tag="651"><subfield code="a">Plaquemine (La.)</subfield><subfield code="v">Newspapers.</subfield></datafield><datafield ind1=" " ind2="7" tag="655"><subfield code="a">Newspapers.</subfield><subfield code="2">fast</subfield><subfield code="0">(OCoLC)fst01423814</subfield></datafield><datafield ind1=" " ind2="7" tag="651"><subfield code="a">Louisiana</subfield><subfield code="z">Plaquemine.</subfield><subfield code="2">fast</subfield><subfield code="0">(OCoLC)fst01219282</subfield></datafield><datafield ind1=" " ind2=" " tag="752"><subfield code="a">United States</subfield><subfield code="b">Louisiana</subfield><subfield code="c">Iberville</subfield><subfield code="d">Plaquemine.</subfield></datafield><datafield ind1="1" ind2="4" tag="780"><subfield code="t">Iberville pioneer</subfield><subfield code="w">(DLC)sn 87090286</subfield></datafield><datafield ind1="1" ind2="4" tag="780"><subfield code="t">Iberville news (Plaquemine, La. : 1871)</subfield><subfield code="w">(DLC)sn 86079111</subfield></datafield></record>